@Article{THF,
  key =		 {J22},
  author =	 {G. Sutcliffe and C. Benzm{\"u}ller},
  title =	 {Automated Reasoning in Higher-Order Logic using the
                  {TPTP THF} Infrastructure.},
  journal =	 {Journal of Formalized Reasoning},
  volume =	 3,
  number =	 1,
  pages =	 {1-27},
  year =	 2010
}

@article{ExImport,
  author = {S. Chatti and F. Schang},
  title = {The Cube, the Square and the Problem of Existential Import},
  journal = {History and Philosophy of Logic},
  volume = 34,
  number = 2,
  pages = {101-132},
  year = 2013,
  doi = 10.1080/01445340.2013.764962,
}


@inproceedings{Nitpick,
  author =	 {J.C. Blanchette and T. Nipkow},
  title =	 {Nitpick: A Counterexample Generator for Higher-Order
                  Logic Based on a Relational Model Finder},
  pages =	 {131-146},
  ee =		 {http://dx.doi.org/10.1007/978-3-642-14052-5_11},
  booktitle =	 {Proc. of ITP 2010},
  publisher =	 {Springer},
  series =	 {LNCS},
  number =	 6172,
  year =	 2010,
  isbn =	 {978-3-642-14051-8},
  ee =		 {http://dx.doi.org/10.1007/978-3-642-14052-5},
  bibsource =	 {DBLP, http://dblp.uni-trier.de}
}

@InProceedings{LEO,
  key =		 {C26},
  author =	 {C. Benzm{\"u}ller and F. Theiss and L.
                  Paulson and A. Fietzke},
  title =	 {{LEO-II} - A Cooperative Automatic Theorem Prover
                  for Higher-Order Logic},
  booktitle =	 {Proc. of IJCAR 2008},
  url =		 {www.ags.uni-sb.de/~chris/papers/C26.pdf},
  publisher =	 {Springer},
  series =	 {LNAI},
  pages =	 {162-170},
  year =	 2008,
  volume =	 5195
}

@InProceedings{Satallax,
  title = {Satallax: An Automated Higher-Order Prover},
  author = {C.E. Brown},
  year = {2012},
  publisher = {Springer},
  number = {7364}, 
  series = {LNAI},
  booktitle = {Proc. of IJCAR 2012},
  pages = {111 -- 117}
}

@Book{Isabelle,
  Author =	 "Nipkow, T. and Paulson, L.C. and Wenzel, M.",
  Year =	 2002,
  Title =	 "{Isabelle/HOL: A Proof Assistant for Higher-Order
                  Logic}",
  Series =	 "LNCS",
  Number =	 2283,
  Publisher =	 "Springer"
}

@Article{J23,
  key = {J23},
  author = 	 {C. Benzm{\"u}ller and L.C. Paulson},
  title = 	 {Quantified Multimodal Logics in Simple Type Theory},
  journal =	 {Logica Universalis (Special Issue on Multimodal Logics)},
  year = 2013,
  volume = 7,
  number = 1,
  pages = {7-20},
}

@INPROCEEDINGS{Metis,
  author =	 {J. Hurd},
  title =	 {First-order proof tactics in higher-order logic
                  theorem provers},
  booktitle =	 {Design and Application of Strategies/Tactics in
                  Higher Order Logics, NASA
                  Tech. Rep. NASA/CP-2003-212448},
  year =	 2003,
  pages =	 {56--68}
}

@article{Sledgehammer,
  year =	 2013,
  issn =	 {0168-7433},
  journal =	 {Journal of Automated Reasoning},
  volume =	 51,
  number =	 1,
  doi =		 {10.1007/s10817-013-9278-5},
  title =	 {Extending {Sledgehammer} with {SMT} Solvers},
  url =		 {http://dx.doi.org/10.1007/s10817-013-9278-5},
  publisher =	 {Springer},
  keywords =	 {SMT solvers; Automatic theorem provers; Interactive
                  theorem provers},
  author =	 {Blanchette, J.C. and B\"ohme, S. and Paulson, L.C.},
  pages =	 {109-128},
  language =	 {English}
}

@InCollection{B9,
  key =		 {B09},
  author =	 {C. Benzm{\"u}ller and L.C. Paulson},
  booktitle =	 {{Festschrift in Honor of {Peter B. Andrews} on His
                  70th Birthday}},
  title =	 {Exploring Properties of Normal Multimodal Logics in
                  Simple Type Theory with {LEO-II}},
  publisher =	 {College Publications},
  pages =	 {386-406},
  year =	 2008,
}

@book{Coq,
  author =	 {Bertot, Y. and Casteran, P.},
  publisher =	 {Springer},
  title =	 {{Interactive Theorem Proving and Program
                  Development}},
  year =	 2004
}


@url{FormalTheologyRepository,
  Author = {B. Woltzenlogel Paleo and C. Benzm\"uller},
  url = {https://github.com/FormalTheology/GoedelGod},
  Date-Added = {2013-08-17 06:52:50 +0200},
  Date-Modified = {2013-08-17 06:54:37 +0200},
  Lastchecked = {2013-08-17},
  Title = {Formal Theology Repository (\url{https://github.com/FormalTheology/GoedelGod})},
  Urldate = {2013-08-17}
}

@url{ContemporaryBibliography,
  Author = {R. Corazzon},
  url = {http://www.ontology.co/biblio/ontological-proof-contemporary-biblio.htm},
  Date-Added = {2013-08-17 06:52:50 +0200},
  Date-Modified = {2013-08-17 06:54:37 +0200},
  Lastchecked = {2013-08-17},
  Title = {Contemporary Bibligraphy on the Ontological Proof (\url{http://www.ontology.co/biblio/ontological-proof-contemporary-biblio.htm})},
  Urldate = {2013-08-17}
}

@InCollection{Goedel1970,
  author =	 {K. G\"odel},
  booktitle =	 {{Kurt G\"odel: Collected Works Vol. 3: Unpublished
                  Essays and Letters}},
  title =	 {Ontological Proof},
  publisher =	 {Oxford University Press},
  year =	 1970,
  comment =	 {first draft written in 1941, revised in 1970,
                  published in the collected works in 1995.}
}

@InCollection{Adams,
  author =	 {Adams, R.M.},
  booktitle =	 {{Kurt G\"odel: Collected Works Vol. 3: Unpublished
                  Essays and Letters}},
  title =	 {Introductory Note to *1970},
  publisher =	 {Oxford University Press},
  year =	 1995
}

@InCollection{Sobel1987,
  author =	 {Sobel, J.H.},
  booktitle =	 {{On Being and Saying. Essays for Richard
                  Cartwright}},
  title =	 {G\"odel's Ontological Proof},
  publisher =	 {{MIT Press}},
  pages =	 {241-261},
  year =	 1987,
}

@book{sobel2004logic,
  title =	 {Logic and Theism: Arguments for and Against Beliefs
                  in God},
  booktitle =	 {Logic and Theism: Arguments for and Against Beliefs
                  in God},
  author =	 {Sobel, J.H.},
  isbn =	 9781139449984,
  lccn =	 2002034954,
  url =		 {http://books.google.de/books?id=ZQh8QJOQdOQC},
  year =	 2004,
  publisher =	 {Cambridge U. Press}
}

@inBook{GoedelNotes,
  crossref =	 {sobel2004logic},
  author =	 {K. G\"odel},
  title =	 {Appendix A. Notes in Kurt G\"odel's Hand},
  pages =	 {144-145},
}

@inBook{ScottNotes,
  crossref =	 {sobel2004logic},
  author =	 {D. Scott},
  title =	 {Appendix B. Notes in Dana Scott's Hand},
  pages =	 {145-146},
}

@InCollection{Scott,
  author =	 {D. Scott},
  booktitle =	 {{On Being and Saying. Essays for Richard
                  Cartwright}},
  title =	 {G\"odel's Ontological Proof},
  publisher =	 {{MIT Press}},
  pages =	 {257-258},
  year =	 1987,
}

@InCollection{AndersonGettings,
  author =	 {Anderson, A.C. and Gettings, M.},
  booktitle =	 {{G\"odel'96: Logical Foundations of Mathematics,
                  Computer Science, and Physics: Lecture Notes in
                  Logic 6}},
  title =	 {G\"odel Ontological Proof Revisited},
  publisher =	 {{Springer}},
  pages =	 {167-172},
  year =	 1996,
}

@Article{Hazen,
  author =	 {Hazen, A.P.},
  title =	 {On G\"odel's Ontological Proof},
  journal =	 {Australasian Journal of Philosophy},
  volume =	 76,
  pages =	 {361-377},
  year =	 1998
}

@book{Fitting,
  author =	 {M. Fitting},
  publisher =	 {Kluver Academic Press},
  title =	 {{Types, Tableaux and G\"odel's God}},
  year =	 2002
}


@InProceedings{TPI,
    Author       = "Sutcliffe, G.",
    Year         = "2013",
    Title        = "{The TPTP Process Instruction Language}",
    Editor       = "Schulz, S. and Sutcliffe, G. and Konev, B.",
    BookTitle    = "{Proceedings of the 10th International Workshop on the
                    Implementation of Logics}",
    Place        = "Stellenbosch, South Africa",
    Series       = "EasyChair Proceedings in Computing",
    Number       = "",
    Pages        = "To appear",
    Comment      = ""
}


@InCollection{bjordal99,
  author = 	 {F. Bjørdal},
  title = 	 {Understanding Gödel’s Ontological Argument},
  booktitle = 	 {The Logica Yearbook 1998},
  publisher = {Filosofia},
  year = 	 1999,
  editor = 	 {Timothy Childers}}


@InCollection{fuhrmann05:_exist_notwen,
  author = 	 {A. Fuhrmann},
  title = 	 {{Existenz und Notwendigkeit --- Kurt G\"odels axiomatische Theologie}},
  booktitle = 	 {Logik in der Philosophie},
  publisher = {Heidelberg (Synchron)},
  year = 	 2005,
  editor = 	 {W. Spohn et al.}}


  @article{Hajek2002,
     jstor_articletype = {research-article},
     title = {A New Small Emendation of G\"odel's Ontological Proof},
     author = {Hajek, P.},
     journal = {Studia Logica},
     volume = {71},
     number = {2},
     jstor_formatteddate = {Jul., 2002},
     pages = {pp. 149-164},
     url = {http://www.jstor.org/stable/20016426},
     ISSN = {00393215},
     abstract = {},
     language = {English},
     year = {2002},
     publisher = {Springer},
     copyright = {Copyright © 2002 Springer},
    }

 @article{Hajek2008,
     jstor_articletype = {research-article},
     title = {Ontological Proofs of Existence and Non-Existence},
     author = {Hajek, P.},
     journal = {Studia Logica},
     jstor_issuetitle = {},
     volume = {90},
     number = {2},
     jstor_formatteddate = {Nov., 2008},
     pages = {pp. 257-262},
     url = {http://www.jstor.org/stable/40269006},
     ISSN = {00393215},
     abstract = {Caramuels' proof of non-existence of God is compared with G\"odel's proof of existence.},
     language = {English},
     year = {2008},
     publisher = {Springer},
     copyright = {Copyright © 2008 Springer},
    }



@InProceedings{C40,
  keywords =	 {Automated Reasoning, Interactive Proof, Ontology
                  Reasoning, LEO Prover, Higher Order Logic},
  editor = {T. Schaub and G. Friedrich and B. O'Sullivan},
  author =	 {C. Benzm{\"u}ller and B. Woltzenlogel
                  Paleo},
  title =	 {Automating {G\"{o}del's} Ontological Proof of God's
                  Existence with Higher-order Automated Theorem
                  Provers},
  pages = {163 - 168},
  booktitle =	 {ECAI 2014},
  doi = {10.3233/978-1-61499-419-0-93},
  series = {Frontiers in Artificial Intelligence and Applications},
  volume = 263,
  publisher = {IOS Press},
  year =	 2014,
  comment =	 {<a
                  href="http://christoph-benzmueller.de//papers/2014-ECAI.pdf
                  " target="_blank">slides</a>},
  url =
                  {http://christoph-benzmueller.de/papers/C40.pdf},
}

@InProceedings{W50,
  Author =	 {C. Benzm\"uller and B. Woltzenlogel Paleo},
  Year =	 2013,
  Title =	 {{G\"odel's} God on the Computer},
  Editor =	 {Schulz, S. and Sutcliffe, G. and Konev, B.},
  BookTitle =	 {Proceedings of the 10th International Workshop on
                  the Implementation of Logics},
  Place =	 {Stellenbosch, South Africa},
  Series =	 {EPiC Series},
  publisher =	 {EasyChair},
  Note =	 {Invited abstract},
  url =		 {http://christoph-benzmueller.de/papers/W50.pdf},
  comment =	 {<a
                  href="http://www.eprover.org/EVENTS/IWIL-2013.html"
                  target="_blank " target="_blank">event-website</a>},
}

@Article{J29,
  keywords =	 {Automated Reasoning, Interactive Proof, Ontology
                  Reasoning, LEO Prover, Higher Order Logic},
  author =	 {B. Woltzenlogel Paleo},
  title =	 {Automated Verification and Reconstruction of
                  {G\"odel's} Proof of {God's} Existence},
  journal =	 {OCG Journal},
  note =	 {Invited article},
  year =	 2013,
}



@Article{J30,
  keywords =	 {Automated Reasoning, Interactive Proof, Ontology
                  Reasoning, LEO Prover, Higher Order Logic},
  year =	 2013,
  author =	 {C. Benzm{\"u}ller and B. Woltzenlogel
                  Paleo},
  title =	 {Formalization, Mechanization and Automation of
                  {G{\"o}del's} Proof of {God's} Existence},
  journal = {arXiv:1308.4526},
  OPTjournal =	 {Submitted to Journal of Automated Reasoning},
  comment =	 {<a
                  href="https://github.com/FormalTheology/GoedelGod"
                  target="_blank">complete-formalisation</a>},
  OPTnote =	 {arXiv:1308.4526},
  url =		 {http://arxiv.org/abs/1308.4526},
}



@Article{anderson90:_some_emend_of_goedel_ontol_proof,
  author = 	 {C.A.~Anderson},
  title = 	 {Some emendations of {G{\"o}del's} ontological proof},
  journal = 	 {Faith and Philosophy},
  year = 	 1990,
  volume = 	 7,
  number = 	 3}


@InProceedings{C36,
  keywords =	 {Higher Order Logic, LEO Prover, Semantic Embedding,
                  Modal Logics, Combinations of Logics},
  author =	 {C. Benzm{\"u}ller},
  title =	 {{HOL} based Universal Reasoning},
  booktitle =	 {Handbook of the 4th World Congress and School on
                  Universal Logic},
  address =	 {Rio de Janeiro, Brazil},
  editor =	 {J.Y. Beziau and A. Buchsbaum and A. Costa-Leite and
                  A. Altair},
  isbn =	 {978-85-400-0682-9},
  pages =	 {232-233},
  year =	 2013,
  url =		 {http://christoph-benzmueller.de/papers/C36.pdf},
  comment =	 {<a
                  href="http://christoph-benzmueller.de//papers/2013-RIO.pdf
                  " target="_blank">slides</a>},
}

@article{J28,
  author =	 {C. Benzm\"uller and B. Woltzenlogel Paleo},
  title =	 {{G{\"o}del's God in Isabelle/HOL}},
  journal =	 {Archive of Formal Proofs},
  volume =	 2013,
  year =	 2013,
  url =		 {http://afp.sourceforge.net/entries/GoedelGod.shtml},
  bibsource =	 {DBLP, http://dblp.uni-trier.de}
}



@InProceedings{rushby13,
  author = 	 {J.~Rushby},
  title = 	 {The Ontological Argument in {PVS}},
  booktitle = {Proc.~of CAV Workshop ``Fun With Formal Methods''},
  year = 	 2013,
  address = 	 {St. Petersburg, Russia,}}




@Article{oppenheimera11,
  author = 	 {P.E.~Oppenheimera and E.N.~Zalta},
  title = 	 {A Computationally-Discovered Simplification of the Ontological Argument},
  journal = 	 {Australasian Journal of Philosophy},
  year = 	 2011,
  volume = 	 89,
  number = 	 2,
  pages = 	 {333-349}}



