@Article{J22,
  key = {J22},
  author = 	 {G. Sutcliffe and C. Benzm{\"u}ller},
  title = 	 {Automated Reasoning in Higher-Order Logic
using the {TPTP THF} Infrastructure.},
  journal =	 {Journal of Formalized Reasoning},
  volume = 3,
  number = 1,
  pages = {1-27},
  year = 2010
}

@inproceedings{Nitpick,
  author    = {J.C. Blanchette and
               T. Nipkow},
  title     = {Nitpick: A Counterexample Generator for Higher-Order Logic
               Based on a Relational Model Finder},
  pages     = {131-146},
  ee        = {http://dx.doi.org/10.1007/978-3-642-14052-5_11},
  booktitle     = {Proc. of
               ITP 2010},
  publisher = {Springer},
  series    = {LNCS},
  volume    = {6172},
  year      = {2010},
  isbn      = {978-3-642-14051-8},
  ee        = {http://dx.doi.org/10.1007/978-3-642-14052-5},
  bibsource = {DBLP, http://dblp.uni-trier.de}
}


@InProceedings{LEO-II,
  key =		 {C26},
  author =	 {C. Benzm{\"u}ller and F. Theiss and L.
                  Paulson and A. Fietzke},
  title =	 {{LEO-II} - A Cooperative Automatic Theorem Prover
                  for Higher-Order Logic},
  booktitle =	 {Proc. of IJCAR 2008},
  url =		 {www.ags.uni-sb.de/~chris/papers/C26.pdf},
  publisher =	 {Springer},
  series =	 {LNCS},
  pages =	 {162-170},
  year =	 2008,
  volume =	 5195
}

@CONFERENCE{Satallax,
  title = {Satallax: An Automated Higher-Order Prover},
  author = {C.E. Brown},
  year = {2012},
  publisher = {Springer},
  series = {LNCS},
  booktitle = {Proc. of IJCAR 2012},
  pages = {111 -- 117}
}

@Book{Isabelle,
    Author       = "Nipkow, T. and Paulson, L.C. and Wenzel, M.",
    Year         = "2002",
    Title        = "{Isabelle/HOL: A Proof Assistant for Higher-Order Logic}",
    Series       = "LNCS",
    Number       = "2283",
    Publisher    = "Springer",
    Comment      = ""
}

@Article{J23,
  key = {J23},
  author = 	 {C. Benzm{\"u}ller and L.C. Paulson},
  title = 	 {Quantified Multimodal Logics in
Simple Type Theory},
  journal =	 {Logica Universalis},
  year = 2012,
  note = {DOI 10.1007/s11787-012-0052-y}
}


