@incollection{B66,
 author      = {Woltzenlogel Paleo, B.},
 title       = {Leibniz's Characteristica Universalis and Calculus Ratiocinator Today},
 editor      = {Tandy, Charles},
 booktitle   = {Death and Anti-Death, Volume 14: Four Decades after Michael Polanyi, Three Centuries after G. W. Leibniz},
 publisher   = {Ria University Press},
 address     = {},
 isbn        = {978-1-934297-25-4},
 pages       = {},
 chapter     = {},
 year = {2016}
}

@incollection{B65,
 author      = {Bentert, M. and Benzm\"uller, C. and Streit, D. and Woltzenlogel Paleo, B.},
 title       = {Analysis of an Ontological Proof Proposed by {Leibniz}},
 editor      = {Tandy, Charles},
 booktitle   = {Death and Anti-Death, Volume 14: Four Decades after Michael Polanyi, Three Centuries after G. W. Leibniz},
 publisher   = {Ria University Press},
 address     = {},
 isbn        = {978-1-934297-25-4},
 pages       = {},
 chapter     = {},
 year = {2016}
}

@inproceedings{B64,
 author = {Benzm\"uller, C. and Woltzenlogel Paleo, B.},
 title  = {An Object-Logic Explanation for the Inconsistency in {G\"odel's} Ontological Theory},
 booktitle = {KI 2016: Advances in Artificial Intelligence -- 39th Annual German Conference on AI, Klagenfurt, Austria, September 26--30},
 pages = {244--250},
 year = {2016},
 publisher = {Springer},
 series = {Lecture Notes in Artificial Intelligence},
 editor = {Gerhard, Friedrich and Helmert, Malte and Wotawa, Franz},
 volume = {9904},
 issn = {0302-9743},
 doi = {10.1007/978-3-319-46073-4},
 url = {http://link.springer.com/book/10.1007/978-3-319-46073-4This link has not been clicked (http://link.springer.com/book/10.1007/978-3-319-46073-4)},
 note = {\textbf{[Invited]} }
}


@inproceedings{B63,
 author = {Benzm\"uller, C. and Woltzenlogel Paleo, B.},
 title  = {The Inconsistency in {G\"odel's} Ontological Argument: A Success Story for AI in Metaphysics},
 booktitle = {International Joint Conference on Artificial Intelligence - IJCAI},
 year = {2016}
}

@article{B62,
   author = {Benzm\"uller, C. and Weber, L. and Woltzenlogel Paleo, B.},
   title  = {Computer-Assisted Analysis of the {Anderson-Hájek} Ontological Controversy},
   journal = {Logica Universalis},
   publisher = {Springer},
   issn = {1661-8300},
   volume = {11},
   number = {1},
   year = {2017},
   pages = {139--151},
   doi = {10.1007/s11787-017-0160-9},
   url={http://dx.doi.org/10.1007/s11787-017-0160-9This link has not been clicked (http://dx.doi.org/10.1007/s11787-017-0160-9)}
}


@inproceedings{B61,
  author = {Benzm\"uller, Christoph and Woltzenlogel Paleo, Bruno},
  title  = {On Logic Embeddings and {G\"odel's} God},
  booktitle = {Recent Trends in Algebraic Development Techniques},
  year = {2014},
  crossref = {ADT},
  note = {\textbf{[Invited]} }
}

@inproceedings{B60,
 author    = {Christoph Benzm\"uller and Woltzenlogel Paleo, Bruno},
 title     = {Experiments in Computational Metaphysics: {G\"odel's} Proof of {God's} Existence},
 booktitle = {Science and Spiritual Quest: Proceedings of the 9th All India Students' Conference on Science and Spiritual Quest (IIT Kharagpur, 30th October -- 1st November)},
 year      = {2015},
 crossref  = {SpiritualQuest},
 volume    = {9},
 note = {\textbf{[Invited]} },
 pages = {23--40}
}

@inproceedings{B57,
 author    = {Christoph Benzm{\"{u}}ller and
              Woltzenlogel Paleo, Bruno},
 title     = {Higher-Order Modal Logics: Automation and Applications},
 booktitle = {Reasoning Web. Web Logic Rules - 11th International Summer School
              2015, Berlin, Germany, July 31 - August 4, 2015, Tutorial Lectures},
 pages     = {32--74},
 year      = {2015},
 crossref  = {DBLP:conf/rweb/2015},
 url       = {http://dx.doi.org/10.1007/978-3-319-21768-0_2},
 doi       = {10.1007/978-3-319-21768-0_2},
 timestamp = {Sat, 25 Jul 2015 15:58:28 +0200},
 biburl    = {http://dblp.uni-trier.de/rec/bib/conf/rweb/BenzmullerP15},
 bibsource = {dblp computer science bibliography, http://dblp.org},
 keywords  = {Invited}
}

@inproceedings{B56,
 author    = {Christoph Benzm{\"{u}}ller and
              Woltzenlogel Paleo, Bruno},
 title     = {Interacting with Modal Logics in the Coq Proof Assistant},
 booktitle = {Computer Science - Theory and Applications - 10th International Computer
              Science Symposium in Russia, {CSR} 2015, Listvyanka, Russia, July
              13-17, 2015, Proceedings},
 pages     = {398--411},
 year      = {2015},
 crossref  = {DBLP:conf/csr/2015},
 url       = {http://dx.doi.org/10.1007/978-3-319-20297-6_25This link has not been clicked (http://dx.doi.org/10.1007/978-3-319-20297-6_25)},
 doi       = {10.1007/978-3-319-20297-6_25},
 timestamp = {Tue, 23 Jun 2015 13:05:11 +0200},
 biburl    = {http://dblp.uni-trier.de/rec/bib/conf/csr/BenzmullerP15This link has not been clicked (http://dblp.uni-trier.de/rec/bib/conf/csr/BenzmullerP15)},
 bibsource = {dblp computer science bibliography, http://dblp.orgThis link has not been clicked (http://dblp.org)}
}

@inproceedings{B52,
   author = {Benzm\"uller, Christoph and Weber, Leon and Woltzenlogel Paleo, Bruno},
   title  = {Computer-Assisted Analysis of the Anderson-Hájek Ontological Controversy},
   booktitle = {1st World Congress on Logic and Religion},
   year = {2015},
   pages = {49--50}
}

@inproceedings{B49,
Author = {C. Benzm{\"{u}}ller and Woltzenlogel Paleo, B.},
Bibsource = {dblp computer science bibliography, http://dblp.orgThis link has not been clicked (http://dblp.org)},
Biburl = {http://dblp.uni-trier.de/rec/bib/conf/ecai/BenzmullerP14This link has not been clicked (http://dblp.uni-trier.de/rec/bib/conf/ecai/BenzmullerP14)},
Booktitle = {{ECAI} 2014 - 21st European Conference on Artificial Intelligence, 18-22 August 2014, Prague, Czech Republic - Including Prestigious Applications of Intelligent Systems {(PAIS} 2014)},
Crossref = {DBLP:conf/ecai/2014},
Date-Modified = {2014-10-14 07:42:43 +0000},
Doi = {10.3233/978-1-61499-419-0-93},
Pages = {93--98},
Timestamp = {Mon, 13 Oct 2014 13:39:42 +0200},
Title = {Automating G{\"{o}}del's Ontological Proof of God's Existence with Higher-order Automated Theorem Provers},
Url = {http://dx.doi.org/10.3233/978-1-61499-419-0-93This link has not been clicked (http://dx.doi.org/10.3233/978-1-61499-419-0-93)},
Year = {2014},
   note = {\textbf{[Nominated for Best Paper]} }
}

@inproceedings{B47,
  author = {Benzm\"uller, Christoph and Woltzenlogel Paleo, Bruno},
  title  = {Formalization and Automated Verification of G\"odel's Proof of God's Existence},
  booktitle = {4th World Congress on the Square of Opposition},
  year = {2014},
  pages = {24--25}
}

@article{B45,
  author = {Benzm\"uller, Christoph and Woltzenlogel Paleo, Bruno},
  title  = {The Modal Collapse as a Collapse of the Modal Square of Opposition},
  journal = {Studies in Universal Logic},
  publisher = {Springer},
  issn = {2297-0282},
  year = {2016},
  pages   =  {1--7}
}

@article{B40,
 author    = {Benzm\"uller, Christoph and Woltzenlogel Paleo, Bruno},
 title     = {G{\"{o}}del's God in Isabelle/HOL},
 journal   = {Archive of Formal Proofs},
 year      = {2013},
 volume    = {},
 url       = {http://afp.sourceforge.net/entries/GoedelGod.shtmlThis link has not been clicked (http://afp.sourceforge.net/entries/GoedelGod.shtml)},
 timestamp = {Wed, 15 Oct 2014 15:14:28 +0200},
 biburl    = {http://dblp.uni-trier.de/rec/bib/journals/afp/Benzmueller13This link has not been clicked (http://dblp.uni-trier.de/rec/bib/journals/afp/Benzmueller13)},
 bibsource = {dblp computer science bibliography, http://dblp.orgThis link has not been clicked (http://dblp.org)}
}

@inworkshopinvited{B39,
  author = {Benzm\"uller, Christoph and Woltzenlogel Paleo, Bruno},
  title  = {{G\"odel's} {God} on the Computer},
  booktitle = {10th International Workshop on the Implementation of Logics},
  year = {2013},
  note = {\textbf{[Invited]} },
  pages = {1--2}
}


@Article{J22,
  key =		 {J22},
  author =	 {G. Sutcliffe and C. Benzm{\"u}ller},
  title =	 {Automated Reasoning in Higher-Order Logic using the
                  {TPTP THF} Infrastructure.},
  journal =	 {Journal of Formalized Reasoning},
  volume =	 3,
  number =	 1,
  pages =	 {1-27},
  year =	 2010
}

@inproceedings{Nitpick,
  author =	 {J.C. Blanchette and T. Nipkow},
  title =	 {Nitpick: A Counterexample Generator for Higher-Order
                  Logic Based on a Relational Model Finder},
  pages =	 {131-146},
  ee =		 {http://dx.doi.org/10.1007/978-3-642-14052-5_11},
  booktitle =	 {Proc. of ITP 2010},
  publisher =	 {Springer},
  series =	 {LNCS},
  number =	 6172,
  year =	 2010,
  isbn =	 {978-3-642-14051-8},
  ee =		 {http://dx.doi.org/10.1007/978-3-642-14052-5},
  bibsource =	 {DBLP, http://dblp.uni-trier.de}
}

@InProceedings{LEO-II,
  key =		 {C26},
  author =	 {C. Benzm{\"u}ller and F. Theiss and L.
                  Paulson and A. Fietzke},
  title =	 {{LEO-II} - A Cooperative Automatic Theorem Prover
                  for Higher-Order Logic},
  booktitle =	 {Proc. of IJCAR 2008},
  url =		 {www.ags.uni-sb.de/~chris/papers/C26.pdf},
  publisher =	 {Springer},
  series =	 {LNAI},
  pages =	 {162-170},
  year =	 2008,
  volume =	 5195
}

@CONFERENCE{Satallax,
  title = {Satallax: An Automated Higher-Order Prover},
  author = {C.E. Brown},
  year = {2012},
  publisher = {Springer},
  number = {7364}, 
  series = {LNAI},
  booktitle = {Proc. of IJCAR 2012},
  pages = {111 -- 117}
}

@Book{Isabelle,
  Author =	 "Nipkow, T. and Paulson, L.C. and Wenzel, M.",
  Year =	 2002,
  Title =	 "{Isabelle/HOL: A Proof Assistant for Higher-Order
                  Logic}",
  Series =	 "LNCS",
  Number =	 2283,
  Publisher =	 "Springer"
}

@Article{J23,
  key = {J23},
  author = 	 {C. Benzm{\"u}ller and L.C. Paulson},
  title = 	 {Quantified Multimodal Logics in Simple Type Theory},
  journal =	 {Logica Universalis (Special Issue on Multimodal Logics)},
  year = 2013,
  volume = 7,
  number = 1,
  pages = {7-20},
}

@INPROCEEDINGS{Hurd03first-orderproof,
  author =	 {J. Hurd},
  title =	 {First-order proof tactics in higher-order logic
                  theorem provers},
  booktitle =	 {Design and Application of Strategies/Tactics in
                  Higher Order Logics, NASA
                  Tech. Rep. NASA/CP-2003-212448},
  year =	 2003,
  pages =	 {56--68}
}

@article{Sledgehammer,
  year =	 2013,
  issn =	 {0168-7433},
  journal =	 {Journal of Automated Reasoning},
  volume =	 51,
  number =	 1,
  doi =		 {10.1007/s10817-013-9278-5},
  title =	 {Extending {Sledgehammer} with {SMT} Solvers},
  url =		 {http://dx.doi.org/10.1007/s10817-013-9278-5},
  publisher =	 {Springer},
  keywords =	 {SMT solvers; Automatic theorem provers; Interactive
                  theorem provers},
  author =	 {Blanchette, J.C. and B\"ohme, S. and Paulson, L.C.},
  pages =	 {109-128},
  language =	 {English}
}

@InCollection{B9,
  key =		 {B09},
  author =	 {C. Benzm{\"u}ller and L.C. Paulson},
  booktitle =	 {{Festschrift in Honor of {Peter B. Andrews} on His
                  70th Birthday}},
  title =	 {Exploring Properties of Normal Multimodal Logics in
                  Simple Type Theory with {LEO-II}},
  publisher =	 {College Publications},
  pages =	 {386-406},
  year =	 2008,
}

@book{Coq,
  author =	 {Bertot, Y. and Casteran, P.},
  publisher =	 {Springer},
  title =	 {{Interactive Theorem Proving and Program
                  Development}},
  year =	 2004
}


@url{FormalTheologyRepository,
  Author = {Woltzenlogel Paleo, B.  and Benzm\"uller, C.},
  url = {https://github.com/FormalTheology/GoedelGod},
  Date-Added = {2013-08-17 06:52:50 +0200},
  Date-Modified = {2013-08-17 06:54:37 +0200},
  Lastchecked = {2013-08-17},
  Title = {Formal Theology Repository (\url{https://github.com/FormalTheology/GoedelGod})},
  Urldate = {2013-08-17}
}

@url{ComputationalPhilosophyRepository,
  Author = {Woltzenlogel Paleo, B.  and Benzm\"uller, C.},
  url = {https://gitlab.com/aossie/ComputationalPhilosophy/},
  Date-Added = {2013-08-17 06:52:50 +0200},
  Date-Modified = {2013-08-17 06:54:37 +0200},
  Lastchecked = {2013-08-17},
  Title = {Computational Philosophy Repository (\url{https://gitlab.com/aossie/ComputationalPhilosophy/})},
  Urldate = {2013-08-17}
}

@url{ContemporaryBibliography,
  Author = {R. Corazzon},
  url = {http://www.ontology.co/biblio/ontological-proof-contemporary-biblio.htm},
  Date-Added = {2013-08-17 06:52:50 +0200},
  Date-Modified = {2013-08-17 06:54:37 +0200},
  Lastchecked = {2013-08-17},
  Title = {Contemporary Bibligraphy on the Ontological Proof (\url{http://www.ontology.co/biblio/ontological-proof-contemporary-biblio.htm})},
  Urldate = {2013-08-17}
}

@InCollection{Goedel1970,
  author =	 {K. G\"odel},
  booktitle =	 {{Kurt G\"odel: Collected Works Vol. 3: Unpublished
                  Essays and Letters}},
  title =	 {Ontological Proof},
  publisher =	 {Oxford University Press},
  year =	 1970,
  comment =	 {first draft written in 1941, revised in 1970,
                  published in the collected works in 1995.}
}

@InCollection{Adams,
  author =	 {Adams, R.M.},
  booktitle =	 {{Kurt G\"odel: Collected Works Vol. 3: Unpublished
                  Essays and Letters}},
  title =	 {Introductory Note to *1970},
  publisher =	 {Oxford University Press},
  year =	 1995
}

@InCollection{Sobel,
  author =	 {Sobel, J.H.},
  booktitle =	 {{On Being and Saying. Essays for Richard
                  Cartwright}},
  title =	 {G\"odel's Ontological Proof},
  publisher =	 {{MIT Press}},
  pages =	 {241-261},
  year =	 1987,
}

@book{sobel2004logic,
  title =	 {Logic and Theism: Arguments for and Against Beliefs
                  in God},
  booktitle =	 {Logic and Theism: Arguments for and Against Beliefs
                  in God},
  author =	 {Sobel, J.H.},
  isbn =	 9781139449984,
  lccn =	 2002034954,
  url =		 {http://books.google.de/books?id=ZQh8QJOQdOQC},
  year =	 2004,
  publisher =	 {Cambridge U. Press}
}

@inBook{GoedelNotes,
  crossref =	 {sobel2004logic},
  author =	 {K. G\"odel},
  title =	 {Appendix A. Notes in Kurt G\"odel's Hand},
  pages =	 {144-145},
}

@inBook{ScottNotes,
  crossref =	 {sobel2004logic},
  author =	 {D. Scott},
  title =	 {Appendix B. Notes in Dana Scott's Hand},
  pages =	 {145-146},
}

@InCollection{Scott,
  author =	 {D. Scott},
  booktitle =	 {{On Being and Saying. Essays for Richard
                  Cartwright}},
  title =	 {G\"odel's Ontological Proof},
  publisher =	 {{MIT Press}},
  pages =	 {257-258},
  year =	 1987,
}

@InCollection{AndersonGettings,
  author =	 {Anderson, A.C. and Gettings, M.},
  booktitle =	 {{G\"odel'96: Logical Foundations of Mathematics,
                  Computer Science, and Physics: Lecture Notes in
                  Logic 6}},
  title =	 {G\"odel Ontological Proof Revisited},
  publisher =	 {{Springer}},
  pages =	 {167-172},
  year =	 1996,
}

@Article{Hazen,
  author =	 {Hazen, A.P.},
  title =	 {On G\"odel's Ontological Proof},
  journal =	 {Australasian Journal of Philosophy},
  volume =	 76,
  pages =	 {361-377},
  year =	 1998
}

@book{Fitting,
  author =	 {M. Fitting},
  publisher =	 {Kluver Academic Press},
  title =	 {{Types, Tableaux and G\"odel's God}},
  year =	 2002
}
