@inproceedings{B60,
  author    = {Christoph Benzmüller and Bruno Woltzenlogel Paleo},
  title     = {Experiments in Computational Metaphysics: Gödel's Proof of God's Existence},
  booktitle = {9th All India Students' Conference on Science and Spiritual Quest (IIT Kharagpur, 30th October -- 1st November)},
  year      = {2015},
  volume    = {1}
}

@inproceedings{B57,
  author    = {Christoph Benzm{\"{u}}ller and
               Bruno Woltzenlogel Paleo},
  title     = {Higher-Order Modal Logics: Automation and Applications},
  booktitle = {Reasoning Web. Web Logic Rules - 11th International Summer School
               2015, Berlin, Germany, July 31 - August 4, 2015, Tutorial Lectures},
  pages     = {32--74},
  year      = {2015},
  crossref  = {DBLP:conf/rweb/2015},
  url       = {http://dx.doi.org/10.1007/978-3-319-21768-0_2},
  doi       = {10.1007/978-3-319-21768-0_2},
  timestamp = {Sat, 25 Jul 2015 15:58:28 +0200},
  biburl    = {http://dblp.uni-trier.de/rec/bib/conf/rweb/BenzmullerP15},
  bibsource = {dblp computer science bibliography, http://dblp.org}
}

@inproceedings{B56,
  author    = {Christoph Benzm{\"{u}}ller and
               Bruno Woltzenlogel Paleo},
  title     = {Interacting with Modal Logics in the Coq Proof Assistant},
  booktitle = {Computer Science - Theory and Applications - 10th International Computer
               Science Symposium in Russia, {CSR} 2015, Listvyanka, Russia, July
               13-17, 2015, Proceedings},
  pages     = {398--411},
  year      = {2015},
  crossref  = {DBLP:conf/csr/2015},
  url       = {http://dx.doi.org/10.1007/978-3-319-20297-6_25},
  doi       = {10.1007/978-3-319-20297-6_25},
  timestamp = {Tue, 23 Jun 2015 13:05:11 +0200},
  biburl    = {http://dblp.uni-trier.de/rec/bib/conf/csr/BenzmullerP15},
  bibsource = {dblp computer science bibliography, http://dblp.org}
}

@unpublished{B54,
    author = {Benzmüller, Christoph and Woltzenlogel Paleo, Bruno},
    title  = {Interacting with Modal Logics in Coq},
    keyword = {Submitted},
    year = {2015}
}

@inproceedings{B52,
    author = {Benzm\"uller, Christoph and Weber, Leon and Woltzenlogel Paleo, Bruno},
    title  = {Computer-Assisted Analysis of the Anderson-Hájek Ontological Controversy},
    booktitle = {1st World Congress on Logic and Religion},
    keyword = {Abstract},
    year = {2015}
}

@inproceedings{B49,
  Author = {Christoph Benzm{\"{u}}ller and Bruno Woltzenlogel Paleo},
  Bibsource = {dblp computer science bibliography, http://dblp.org},
  Biburl = {http://dblp.uni-trier.de/rec/bib/conf/ecai/BenzmullerP14},
  Booktitle = {{ECAI} 2014 - 21st European Conference on Artificial Intelligence, 18-22 August 2014, Prague, Czech Republic - Including Prestigious Applications of Intelligent Systems {(PAIS} 2014)},
  Crossref = {DBLP:conf/ecai/2014},
  Doi = {10.3233/978-1-61499-419-0-93},
  Pages = {93--98},
  Timestamp = {Mon, 13 Oct 2014 13:39:42 +0200},
  Title = {Automating G{\"{o}}del's Ontological Proof of God's Existence with Higher-order Automated Theorem Provers},
  Url = {http://dx.doi.org/10.3233/978-1-61499-419-0-93},
  Year = {2014}}

@inproceedings{B47,
   author = {Benzm\"uller, Christoph and Woltzenlogel Paleo, Bruno},
   title  = {Formalization and Automated Verification of Gödel's Proof of God's Existence},
   booktitle = {4th World Congress on the Square of Opposition},
   keyword = {Abstract},
   year = {2014}
}

@inproceedings{B46,
   author = {Benzm\"uller, Christoph and Woltzenlogel Paleo, Bruno},
   title  = {On Logic Embeddings and Gödel's God},
   booktitle = {22nd International Workshop on Algebraic Development Techniques},
   year = {2014}
}

@unpublished{B45,
   author = {Benzmüller, Christoph and Woltzenlogel Paleo, Bruno},
   title  = {The Modal Collapse as a Collapse of the Modal Square of Opposition},
   journal = {Submitted},
   year = {2014}
}

@misc{B42,
  Author = {Christoph Benzm{\"{u}}ller and Bruno Woltzenlogel Paleo},
  Bibsource = {dblp computer science bibliography, http://dblp.org},
  Biburl = {http://dblp.uni-trier.de/rec/bib/journals/corr/BenzmullerP13},
  Journal = {CoRR},
  Timestamp = {Mon, 13 Oct 2014 13:39:30 +0200},
  Title = {Formalization, Mechanization and Automation of G{\"{o}}del's Proof of God's Existence},
  Url = {http://arxiv.org/abs/1308.4526},
  Volume = {abs/1308.4526},
  Year = {2013}}

@unpublished{B41,
   author = {Benzmüller, Christoph and Woltzenlogel Paleo, Bruno},
   title  = {Formalization, Mechanization and Automation of Gödel's Proof of God's Existence},
   journal = {Submitted},
   year = {2013},
   keywords = {Abstract,Submitted}
}

@article{B40,
  author    = {Benzm\"uller, Christoph and Woltzenlogel Paleo, Bruno},
  title     = {G{\"{o}}del's God in Isabelle/HOL},
  journal   = {Archive of Formal Proofs},
  year      = {2013},
  volume    = {2013},
  url       = {http://afp.sourceforge.net/entries/GoedelGod.shtml},
  timestamp = {Wed, 15 Oct 2014 15:14:28 +0200},
  biburl    = {http://dblp.uni-trier.de/rec/bib/journals/afp/Benzmueller13},
  bibsource = {dblp computer science bibliography, http://dblp.org}
}

@inproceedings{B39,
   author = {Benzm\"uller, Christoph and Woltzenlogel Paleo, Bruno},
   title  = {Gödel's God on the Computer},
   booktitle = {10th International Workshop on the Implementation of Logics},
   keyword = {Invited},
   year = {2013}
}

@article{B34,
   author = {Benzm\"uller, Christoph and Woltzenlogel Paleo, Bruno},
   title  = {Automated Verification and Reconstruction of Gödel's Proof of God's Existence},
   journal = {Journal of the Austrian Computer Society},
   year = {2013},
   keywords = {Invited}
}